@inproceedings{cohn:acl2013,
  title={Modelling Annotator Bias with Multi-task Gaussian Processes: An Application to Machine Translation Quality Estimation.},
  author={Cohn, Trevor and Specia, Lucia},
  booktitle={ACL},
  pages={32--42},
  year={2013}
}

@inproceedings{welinder:nips2010,
  title={The multidimensional wisdom of crowds},
  author={Welinder, Peter and Branson, Steve and Perona, Pietro and Belongie, Serge J},
  booktitle={NIPS},
  pages={2424--2432},
  year={2010}
}

@inproceedings{snow:emnlp2008,
  title={Cheap and fast---but is it good?: evaluating non-expert annotations for natural language tasks},
  author={Snow, Rion and O'Connor, Brendan and Jurafsky, Daniel and Ng, Andrew Y},
  booktitle={EMNLP},
  pages={254--263},
  year={2008}
}

@inproceedings{guo:nips2008,
  title={Discriminative batch mode active learning},
  author={Guo, Yuhong and Schuurmans, Dale},
  booktitle={NIPS},
  pages={593--600},
  year={2008}
}

@inproceedings{sheng:kdd2008,
  title={Get another label? improving data quality and data mining using multiple, noisy labelers},
  author={Sheng, Victor S and Provost, Foster and Ipeirotis, Panagiotis G},
  booktitle={KDD},
  pages={614--622},
  year={2008},
  organization={ACM}
}


@inproceedings{donmez:kdd2009,
  title={Efficiently learning the accuracy of labeling sources for selective sampling},
  author={Donmez, Pinar and Carbonell, Jaime G and Schneider, Jeff},
  booktitle={KDD},
  pages={259--268},
  year={2009},
  organization={ACM}
}

@inproceedings{raykar:icml2009,
  title={Supervised learning from multiple experts: whom to trust when everyone lies a bit},
  author={Raykar, Vikas C and Yu, Shipeng and Zhao, Linda H and Jerebko, Anna and Florin, Charles and Valadez, Gerardo Hermosillo and Bogoni, Luca and Moy, Linda},
  booktitle={ICML},
  pages={889--896},
  year={2009},
  organization={ACM}
}

@article{raykar:jmlr2010,
  title={Learning from crowds},
  author={Raykar, Vikas C and Yu, Shipeng and Zhao, Linda H and Valadez, Gerardo Hermosillo and Florin, Charles and Bogoni, Luca and Moy, Linda},
  journal={JMLR},
  volume={11},
  pages={1297--1322},
  year={2010}
}

@inproceedings{yan:icml2011,
  title={Active learning from crowds},
  author={Yan, Yan and Fung, Glenn M and Rosales, R{\'o}mer and Dy, Jennifer G},
  booktitle={ICML},
  pages={1161--1168},
  year={2011}
}


@inproceedings{hoi:icml2006,
  title={Batch mode active learning and its application to medical image classification},
  author={Hoi, Steven CH and Jin, Rong and Zhu, Jianke and Lyu, Michael R},
  booktitle={ICML},
  pages={417--424},
  year={2006},
  organization={ACM}
}

@inproceedings{hoi:www2006,
  title={Large-scale text categorization by batch mode active learning},
  author={Hoi, Steven CH and Jin, Rong and Lyu, Michael R},
  booktitle={WWW},
  pages={633--642},
  year={2006}
}

@inproceedings{brinker:icml2003,
  title={Incorporating diversity in active learning with support vector machines},
  author={Brinker, Klaus},
  booktitle={ICML},
  volume={3},
  pages={59--66},
  year={2003}
}

@inproceedings{venanzi:www2014,
  title={Community-based bayesian aggregation models for crowdsourcing},
  author={Venanzi, Matteo and Guiver, John and Kazai, Gabriella and Kohli, Pushmeet and Shokouhi, Milad},
  booktitle={WWW},
  pages={155--164},
  year={2014}
}



@article{zhuang:dmkd2012,
  title={Actively learning to infer social ties},
  author={Zhuang, Honglei and Tang, Jie and Tang, Wenbin and Lou, Tiancheng and Chin, Alvin and Wang, Xia},
  journal={Data Mining and Knowledge Discovery},
  volume={25},
  number={2},
  pages={270--297},
  year={2012},
  publisher={Springer}
}


@inproceedings{yang:wsdm2014,
  title={Active Learning for Networked Data Based on Non-progressive Diffusion Model},
  author={Yang, Zhilin and Tang, Jie and Xu, Bin and Xing, Chunxiao},
  booktitle={WSDM},
  year={2014}
}


@article{shi:tist2012,
  title={Batch mode active learning for networked data},
  author={Shi, Lixin and Zhao, Yuhang and Tang, Jie},
  journal={ACM Transactions on Intelligent Systems and Technology (TIST)},
  volume={3},
  number={2},
  pages={33},
  year={2012},
  publisher={ACM}
}


@inproceedings{wang:kdd2013,
  title={Querying discriminative and representative samples for batch mode active learning},
  author={Wang, Zheng and Ye, Jieping},
  booktitle={KDD},
  pages={158--166},
  year={2013},
  organization={ACM}
}

@inproceedings{chattopadhyay:kdd2012,
  title={Batch mode active sampling based on marginal probability distribution matching},
  author={Chattopadhyay, Rita and Wang, Zheng and Fan, Wei and Davidson, Ian and Panchanathan, Sethuraman and Ye, Jieping},
  booktitle={KDD},
  pages={741--749},
  year={2012},
  organization={ACM}
}


@inproceedings{yu:icml2006,
  title={Active learning via transductive experimental design},
  author={Yu, Kai and Bi, Jinbo and Tresp, Volker},
  booktitle={ICML},
  pages={1081--1088},
  year={2006},
  organization={ACM}
}

@inproceedings{settles:emnlp2008,
  title={An analysis of active learning strategies for sequence labeling tasks},
  author={Settles, Burr and Craven, Mark},
  booktitle={EMNLP},
  pages={1070--1079},
  year={2008},
  organization={Association for Computational Linguistics}
}

@article{Chandola:2009,
  title={Anomaly detection: A survey},
  author={Chandola, Varun and Banerjee, Arindam and Kumar, Vipin},
  journal={ACM Computing Surveys},
  volume={41},
  number={3},
  pages = {15:1--15:58},
  year={2009},
  COMMENT_publisher={ACM}
}

@article{Hodge:2004,
  title={A survey of outlier detection methodologies},
  author={Hodge, Victoria J and Austin, Jim},
  journal={Artificial Intelligence Review},
  volume={22},
  number={2},
  pages={85--126},
  year={2004},
  COMMENT_publisher={Springer}
}

@inproceedings{Sun:05ICDM,
     author = {Sun, Jimeng and Qu, Huiming and Chakrabarti, Deepayan and Faloutsos, Christos},
     title = {Neighborhood Formation and Anomaly Detection in Bipartite Graphs},
     booktitle = {ICDM},
     year = {2005},
     pages = {418--425},
}

@inproceedings{JGao:2010,
  title={On community outliers and their efficient detection in information networks},
  author={Gao, Jing and Liang, Feng and Fan, Wei and Wang, Chi and Sun, Yizhou and Han, Jiawei},
  booktitle={KDD},
  pages={813--822},
  year={2010},
  COMMENT_organization={ACM}
}

@inproceedings{Gupta:2012,
 author = {Gupta, Manish and Gao, Jing and Sun, Yizhou and Han, Jiawei},
 title = {Integrating Community Matching and Outlier Detection for Mining Evolutionary Community Outliers},
 booktitle = {KDD},
 year = {2012},
 pages = {859--867},
 COMMENT_publisher = {ACM},
}

@inproceedings{Ghoting:2004,
  title={Loaded: Link-based outlier and anomaly detection in evolving data sets},
  author={Ghoting, Amol and Otey, Matthew Eric and Parthasarathy, Srinivasan},
  booktitle={ICDM},
  pages={387--390},
  year={2004},
  COMMENT_organization={IEEE}
}

@inproceedings{Ide:2004,
 author = {ID\'{E}, Tsuyoshi and KASHIMA, Hisashi},
 title = {Eigenspace-based Anomaly Detection in Computer Systems},
 booktitle = {KDD},
 year = {2004},
 isbn = {1-58113-888-1},
 location = {Seattle, WA, USA},
 pages = {440--449},
 numpages = {10},
 url = {http://doi.acm.org/10.1145/1014052.1014102},
 doi = {10.1145/1014052.1014102},
 acmid = {1014102},
 COMMENT_publisher = {ACM},
 COMMENT_address = {New York, NY, USA},
 keywords = {Perron-Frobenius theorem, principal eigenvector, singular value decomposition, time sequence of graphs, von Mises-Fisher distribution},
}

@inproceedings{Hirose:2009,
 author = {Hirose, Shunsuke and Yamanishi, Kenji and Nakata, Takayuki and Fujimaki, Ryohei},
 title = {Network Anomaly Detection Based on Eigen Equation Compression},
 booktitle = {KDD},
 year = {2009},
 isbn = {978-1-60558-495-9},
 location = {Paris, France},
 pages = {1185--1194},
 numpages = {10},
 url = {http://doi.acm.org/10.1145/1557019.1557147},
 doi = {10.1145/1557019.1557147},
 acmid = {1557147},
 COMMENT_publisher = {ACM},
 COMMENT_address = {New York, NY, USA},
 keywords = {Eigen equation compression, network anomaly detection},
}

@inproceedings{Noble:KDD03,
  title={Graph-based anomaly detection},
  author={Noble, Caleb C and Cook, Diane J},
  booktitle={KDD},
  pages={631--636},
  year={2003},
  COMMENT_organization={ACM}
}


@inproceedings{leung:cikm2010,
  title={Mining interesting link formation rules in social networks},
  author={Leung, Cane Wing-ki and Lim, Ee-Peng and Lo, David and Weng, Jianshu},
  booktitle={Proceedings of the 19th ACM international conference on Information and knowledge management},
  pages={209--218},
  year={2010},
  organization={ACM}
}

@inproceedings{leskovec:kdd2008,
  title={Microscopic evolution of social networks},
  author={Leskovec, Jure and Backstrom, Lars and Kumar, Ravi and Tomkins, Andrew},
  booktitle={KDD},
  pages={462--470},
  year={2008},
  organization={ACM}
}

@inproceedings{qin:icspcc2011,
  title={Evolution pattern discovery in dynamic networks},
  author={Qin, Guimin and Gao, Lin and Yang, Jianye and Li, Jiajia},
  booktitle={Signal Processing, Communications and Computing (ICSPCC), 2011 IEEE International Conference on},
  pages={1--6},
  year={2011},
  organization={IEEE}
}

@incollection{berlingerio:2009,
  title={Mining graph evolution rules},
  author={Berlingerio, Michele and Bonchi, Francesco and Bringmann, Bj{\"o}rn and Gionis, Aristides},
  booktitle={Machine learning and knowledge discovery in databases},
  pages={115--130},
  year={2009},
  publisher={Springer}
}


@inproceedings{holder:kdd2009,
  title={Learning patterns in the dynamics of biological networks},
  author={Holder, Lawrence B and Cook, Diane J and others},
  booktitle={Proceedings of the 15th ACM SIGKDD international conference on Knowledge discovery and data mining},
  pages={977--986},
  year={2009},
  organization={ACM}
}


@article{settles:2010survey,
  title={Active learning literature survey},
  author={Settles, Burr},
  journal={University of Wisconsin, Madison},
  volume={52},
  pages={55--66},
  year={2010}
}


@inproceedings{lewis:icml1994,
  title={Heterogenous Uncertainty Sampling for Supervised Learning.},
  author={Lewis, David D and Catlett, Jason},
  booktitle={ICML},
  volume={94},
  pages={148--156},
  year={1994}
}


@inproceedings{guo:ijcai2007,
  title={Optimistic Active-Learning Using Mutual Information.},
  author={Guo, Yuhong and Greiner, Russell},
  booktitle={IJCAI},
  volume={7},
  pages={823--829},
  year={2007}
}

@incollection{donmez:ecml2007,
  title={Dual strategy active learning},
  author={Donmez, Pinar and Carbonell, Jaime G and Bennett, Paul N},
  booktitle={ECML},
  pages={116--127},
  year={2007},
  publisher={Springer}
}


@inproceedings{zhang:icml2000,
  title={The value of unlabeled data for classification problems},
  author={Zhang, Tong and Oles, F},
  booktitle={ICML},
  pages={1191--1198},
  year={2000}
}


@inproceedings{azimi:icml2012,
  title={Batch Active Learning via Coordinated Matching},
  author={Azimi, Javad and Fern, Alan and Zhang-Fern, Xiaoli and Borradaile, Glencora and Heeringa, Brent},
  booktitle={ICML},
  year={2012}
}


@inproceedings{das:kdd2013,
  title={Debiasing social wisdom},
  author={Das, Abhimanyu and Gollapudi, Sreenivas and Panigrahy, Rina and Salek, Mahyar},
  booktitle={KDD},
  pages={500--508},
  year={2013},
  organization={ACM}
}

@inproceedings{demeester:wsdm2014,
  title={Exploiting user disagreement for web search evaluation: an experimental approach},
  author={Demeester, Thomas and Aly, Robin and Hiemstra, Djoerd and Nguyen, Dong and Trieschnigg, Dolf and Develder, Chris},
  booktitle={WSDM},
  pages={33--42},
  year={2014},
  organization={ACM}
}


@inproceedings{kajino:aaai2012,
  title={A Convex Formulation for Learning from Crowds.},
  author={Kajino, Hiroshi and Tsuboi, Yuta and Kashima, Hisashi},
  booktitle={AAAI},
  year={2012}
}


@inproceedings{whitehill:nips2009,
  title={Whose vote should count more: Optimal integration of labels from labelers of unknown expertise},
  author={Whitehill, Jacob and Wu, Ting-fan and Bergsma, Jacob and Movellan, Javier R and Ruvolo, Paul L},
  booktitle={NIPS},
  pages={2035--2043},
  year={2009}
}


@inproceedings{su:aaai2012,
  title={Crowdsourcing annotations for visual object detection},
  author={Su, Hao and Deng, Jia and Fei-Fei, Li},
  booktitle={Human Computation Workshops at AAAI},
  year={2012}
}

@inproceedings{wauthier:nips2011,
  title={Bayesian bias mitigation for crowdsourcing},
  author={Wauthier, Fabian L and Jordan, Michael I},
  booktitle={NIPS},
  pages={1800--1808},
  year={2011}
}


@inproceedings{scholer:sigir2011,
  title={Quantifying test collection quality based on the consistency of relevance judgements},
  author={Scholer, Falk and Turpin, Andrew and Sanderson, Mark},
  booktitle={SIGIR},
  pages={1063--1072},
  year={2011},
  organization={ACM}
}

@inproceedings{scholer:sigir2013,
  title={The effect of threshold priming and need for cognition on relevance calibration and assessment},
  author={Scholer, Falk and Kelly, Diane and Wu, Wan-Ching and Lee, Hanseul S and Webber, William},
  booktitle={SIGIR},
  pages={623--632},
  year={2013},
  organization={ACM}
}


@inproceedings{gomes:nips2011,
  title={Crowdclustering},
  author={Gomes, Ryan G and Welinder, Peter and Krause, Andreas and Perona, Pietro},
  booktitle={NIPS},
  pages={558--566},
  year={2011}
}

@inproceedings{carterette:effect2010,
  title={The effect of assessor error on IR system evaluation},
  author={Carterette, Ben and Soboroff, Ian},
  booktitle={SIGIR},
  pages={539--546},
  year={2010},
  organization={ACM}
}

@inproceedings{vijayanarasimhan:cvpr2011,
  title={Large-scale live active learning: Training object detectors with crawled data and crowds},
  author={Vijayanarasimhan, S and Grauman, K},
  booktitle={CVPR},
  pages={1449--1456},
  year={2011},
  organization={IEEE}
}

@inproceedings{raykar:nips2011ranking,
  title={Ranking annotators for crowdsourced labeling tasks},
  author={Raykar, Vikas C and Yu, Shipeng},
  booktitle={NIPS},
  pages={1809--1817},
  year={2011}
}

@article{mozer:nips2010,
  title={Decontaminating human judgments by removing sequential dependencies},
  author={Mozer, Michael C and Pashler, Harold and Wilder, Matthew and Lindsey, Robert V and Jones, Matt C and Jones, Michael N},
  journal={NIPS},
  volume={23},
  year={2010}
}

@book{luce:2005,
  title={Individual choice behavior: A theoretical analysis},
  author={Luce, R Duncan},
  year={1959},
  publisher={Wiley}
}

@article{plackett:1975,
  title={The analysis of permutations},
  author={Plackett, Robin L},
  journal={Applied Statistics},
  pages={193--202},
  year={1975},
  publisher={JSTOR}
}

@article{hunter:aos2004,
  title={MM algorithms for generalized Bradley-Terry models},
  author={Hunter, David R},
  journal={Annals of Statistics},
  pages={384--406},
  year={2004},
  publisher={JSTOR}
}

@article{marcus:vldb2011,
  title={Human-powered sorts and joins},
  author={Marcus, Adam and Wu, Eugene and Karger, David and Madden, Samuel and Miller, Robert},
  journal={Proceedings of the VLDB Endowment},
  volume={5},
  number={1},
  pages={13--24},
  year={2011},
  publisher={VLDB Endowment}
}

@inproceedings{zhuang:wsdm2015,
  title={Leveraging In-Batch Annotation Bias for Crowdsourced Active Learning},
  author={Zhuang, Honglei and Young, Joel},
  booktitle={WSDM},
  year={2015},
  publisher={ACM}
}

@inproceedings{chen:wsdm2013,
 author = {Chen, Xi and Bennett, Paul N. and Collins-Thompson, Kevyn and Horvitz, Eric},
 title = {Pairwise Ranking Aggregation in a Crowdsourced Setting},
 booktitle = {WSDM},
 year = {2013},
 isbn = {978-1-4503-1869-3},
 location = {Rome, Italy},
 pages = {193--202},
 numpages = {10},
 url = {http://doi.acm.org/10.1145/2433396.2433420},
 doi = {10.1145/2433396.2433420},
 acmid = {2433420},
 publisher = {ACM},
 address = {New York, NY, USA},
 keywords = {crowdsourcing, pairwise preference, ranking},
} 

@inproceedings{karger:nips2011,
  title={Iterative learning for reliable crowdsourcing systems},
  author={Karger, David R and Oh, Sewoong and Shah, Devavrat},
  booktitle={Advances in neural information processing systems},
  pages={1953--1961},
  year={2011}
}

@article{bradley:1952,
  title={Rank analysis of incomplete block designs: I. The method of paired comparisons},
  author={Bradley, Ralph Allan and Terry, Milton E},
  journal={Biometrika},
  pages={324--345},
  year={1952},
  publisher={JSTOR}
}


@inproceedings{volkovs:www2012,
  title={A flexible generative model for preference aggregation},
  author={Volkovs, Maksims N and Zemel, Richard S},
  booktitle={WWW},
  pages={479--488},
  year={2012},
  organization={ACM}
}

@article{parameswaran:vldb2014,
  title={Optimal crowd-powered rating and filtering algorithms},
  author={Parameswaran, Aditya and Boyd, Stephen and Garcia-Molina, Hector and Gupta, Ashish and Polyzotis, Neoklis and Widom, Jennifer},
  journal={Proceedings Very Large Data Bases (VLDB)},
  year={2014}
}

@inproceedings{qin:nips2010,
  title={A new probabilistic model for rank aggregation},
  author={Qin, Tao and Geng, Xiubo and Liu, Tie-Yan},
  booktitle={NIPS},
  pages={1948--1956},
  year={2010}
}

@inproceedings{liu:www2007,
  title={Supervised rank aggregation},
  author={Liu, Yu-Ting and Liu, Tie-Yan and Qin, Tao and Ma, Zhi-Ming and Li, Hang},
  booktitle={WWW},
  pages={481--490},
  year={2007},
  organization={ACM}
}

@inproceedings{klementiev:icml2008,
  title={Unsupervised rank aggregation with distance-based models},
  author={Klementiev, Alexandre and Roth, Dan and Small, Kevin},
  booktitle={ICML},
  pages={472--479},
  year={2008},
  organization={ACM}
}

@inproceedings{dwork:www2001,
  title={Rank aggregation methods for the web},
  author={Dwork, Cynthia and Kumar, Ravi and Naor, Moni and Sivakumar, Dandapani},
  booktitle={WWW},
  pages={613--622},
  year={2001},
  organization={ACM}
}

@inproceedings{alonso:2008,
  title={Crowdsourcing for relevance evaluation},
  author={Alonso, Omar and Rose, Daniel E and Stewart, Benjamin},
  booktitle={ACM SigIR Forum},
  volume={42},
  number={2},
  pages={9--15},
  year={2008},
  organization={ACM}
}

@inproceedings{chen:mm2009,
  title={A crowdsourceable QoE evaluation framework for multimedia content},
  author={Chen, Kuan-Ta and Wu, Chen-Chi and Chang, Yu-Chun and Lei, Chin-Laung},
  booktitle={Proceedings of the 17th ACM international conference on Multimedia},
  pages={491--500},
  year={2009},
  organization={ACM}
}

@book{arrow2012social,
  title={Social choice and individual values},
  author={Arrow, Kenneth J},
  year={1963},
  publisher={Yale university press}
}

@inproceedings{soufiani:nips2013,
  title={Generalized method-of-moments for rank aggregation},
  author={Soufiani, Hossein Azari and Chen, William and Parkes, David C and Xia, Lirong},
  booktitle={NIPS},
  pages={2706--2714},
  year={2013}
}

@inproceedings{soufiani:icml2014,
  title={Computing parametric ranking models via rank-breaking},
  author={Soufiani, Hossein A and Parkes, David and Xia, Lirong},
  booktitle={ICML},
  pages={360--368},
  year={2014}
}

@inproceedings{negahban:nips2012,
  title={Iterative ranking from pair-wise comparisons},
  author={Negahban, Sahand and Oh, Sewoong and Shah, Devavrat},
  booktitle={NIPS},
  pages={2474--2482},
  year={2012}
}

@inproceedings{mao:aaai2013,
  title={Better Human Computation Through Principled Voting.},
  author={Mao, Andrew and Procaccia, Ariel D and Chen, Yiling},
  booktitle={AAAI},
  year={2013}
}

